
@InCollection{Arrow1962,
	author		={Arrow, K.},
	title		={{Economic Welfare and the Allocation of Resources for Invention}},
  	booktitle	={{The Rate and Direction of Inventive Activity: Economic and Social Factors}},
  	publisher	={{National Bureau of Economic Research}},
  	year		={1962},
  	month		={August},
  	series		={NBER Chapters},
  	pages		={609-626}}
 
@techreport{Alvarez2010,
	author		={\'Alvarez, R. and Bravo-Ortega, C and Navarro, L.},
	title 		={{Innovation, R\&D Investment and Productivity in Chile}},
	institution ={Inter-American Development Bank},
	year 		={2010},
	type	    ={IDB Working Paper},
	number 		={64}}
	
@techreport{AlvarezAgo2008,
	author		={\'Alvarez, R. and Garc\'ia, A.},
	title 		={{Productividad, innovaci\'on y exportaciones en la industria manufacturera chilena}},
	institution ={Central Bank of Chile},
	year 		={2008},
	type	    ={Working Paper},
	number 		={476},
	month		={Agosto}}

@article{Alvarez2004,
	author		={\'Alvarez, R. and Lopez, R.},
	title 		={{Orientación Exportadora y Productividad en la Industria Manufacturera Chilena}},
	Journal	    ={Cuadernos de Econom\'ia},
	year 		={2004},
	volume 		={41},
	pages		={315-343},
	month		={Diciembre}}

@book{BarroSalaimartinEconomicGrowth,
  	address 	={New York},
  	author 		={Barro, R. and SalaiMartin, X.},
  	publisher 	={McGraw-Hill},
  	title 		={{Economic Growth}},
  	year 		={1995}}

@article{Bayona,
	author		={Bayona, C. and Garc\'ia, T. and Huerta, E.},
	title 		={{Cooperar en {I\&D}: ¿Con qui\'en y para qu\'e?}},
	Journal	    ={Revista de Econom\'ia Aplicada},
	year 		={2003},
	volume 		={11},
	number 		={31},
	pages		={103-134}}

@article{Benavente2002,
	author		={Benavente, J.M.},
	title 		={{The Role of Research and Innovation in Promoting Productivity in Chile}},
	Journal	    ={Economics of Innovation and New Technology},
	year 		={2002},
	volume 		={15},
	pages		={301-315}}

@article{Benavente2004,
	author		={Benavente, J.M.},
	title 		={{Innovaci\'on tecnol\'ogica en Chile: Donde estamos y qu\'e se puede hacer}},
	Journal	    ={Econom\'ia Chilena},
	year 		={2004},
	volume 		={15},
	number 		={8},
	pages		={53-76}}

@article{Benavente2005,
	author		={Benavente, J.M.},
	title 		={{Investigaci\'on y desarrollo, innovaci\'on y productividad: Un an\'alisis econom\'etrico a nivel de la firma}},
	Journal	    ={Estudios de Econom\'ia},
	year 		={2005},
	volume 		={32},
	number 		={1},
	pages		={39-67}}

@techreport{Benavente2006,
	author		={Benavente, J.M.},
	title 		={{Antecedentes para el dise\'no de una pol\'itica tecnol\'ogica nacional}},
	institution	={Departamento de Econom\'ia, Universidad de Chile},
	year 		={2006},	 
	type		={Serie de Documentos de Trabajo},
	number 		={229}}

@ARTICLE{BenaventeBravoGonzalez2014,
title = {Innovation, Exports, and Productivity: Learning and Self-Selection in Chile},
author = {Bravo-Ortega, Claudio and Benavente, Jose Miguel and González, Álvaro},
year = {2014},
journal = {Emerging Markets Finance and Trade},
volume = {50},
number = {1S},
pages = {68-95},
url = {http://EconPapers.repec.org/RePEc:mes:emfitr:v:50:y:2014:i:1s:p:68-95},
}

@techreport{Benaventecoop,
	author		={Benavente, J.M.},
	title 		={{Cooperaci\'on tecnol\'ogica entre universidades y empresas: Qu\'e son, c\'omo operan y cu\'al es su impacto en Chile}},
	institution	={Expansiva},
	year 		={2004},
	type		={Serie En Foco},
	number 		={21}}

@techreport{BernardJensen1998,
	author		={Jensen, B. and Bernard, A.},
	title 		={{Understanding the U.S. Export Boom}},
	institution	={National Bureau of Economic Research},
	type	    ={NBER Working Paper},
	year 		={1998},
	number 		={6438}}

@ARTICLE{BernardJensen2004,
	title 		={{Entry, Expansion, and Intensity in the US Export Boom, 1987-1992}},
	author 		={Bernard, Andrew and Jensen, J.},
	year 		={2004},
	journal 	={Review of International Economics},
	volume 		={12},
	number 		={4},
	pages 		={662-675},
	url 		={http://EconPapers.repec.org/RePEc:bla:reviec:v:12:y:2004:i:4:p:662-675}}

@article{BernardJensen1999,
	title 		={{Exceptional exporter performance: cause, effect, or both?}},
	journal 	={Journal of International Economics},
	volume 		={47},
	number 		={1},
	pages 		={1-25},
	year 		={1999},
	issn 		={0022-1996},
	doi 		={http://dx.doi.org/10.1016/S0022-1996(98)00027-0},
	url 		={http://www.sciencedirect.com/science/article/pii/S0022199698000270},
	author 		={Bernard, Andrew B. and Jensen, J.}}

@article{Bitran2002,
	author		={Bitran, E.},
	title 		={{Crecimiento e innovaci\'on en Chile}},
	Journal	    ={Revista Perspectivas},
	year 		={2002},
	volume 		={5},
	number 		={2}}

@techreport{Bitran-Gonzalez,
	author		={Bitran, E. and Gonzalez, C.},
	title 		={{Estrategia de innovaci\'on para la productividad y el crecimiento: Avances y desaf\'ios}},
	institution	={{Consejo de Innovaci\'on para la Competitividad CNIC}},
	type	    ={Documento de Trabajo},
	year 		={2010}}

@article{Chudnovsky2005,
	author		={Chudnovsky, D. and Lopez, A. and Pupato, G.},
	title 		={{Innovation and Productivity in Developing Countries: A study of Argentine Manufacturing Firms Behaviour (1992-2001)}},
	Journal	    ={Research Policy},
	year 		={2006},
	volume 		={35},
	number 		={2},
	pages		={266–288}}

@article{CohenKlepper,
	author		={Cohen, W. and Klepper, S.},  
    title		={{The Anatomy of Industry R\&D Intensity Distributions}},
    journal		={American Economic Review},
    year		={1992},
    volume		={82},
    number		={4},
    pages		={773-99},
    month		={September}}

@article{CohenLevinthal,
	author		={Cohen, W. and Levinthal, D.},
	title 		={{Absorptive Capacity: A New Perspective on Learning and Innovation}},
	Journal	    ={American Economic Review},
	year 		={1990},
	volume 		={},
	pages		={129-152}}

@article{CDM,
	author		={Crepon, B. and Duguet, E and Mairesse, J.},
	title 		={{Research, Innovation and Productivity: An Econometric Analysis at the Firm Level}},
	Journal	    ={Economics of Innovation and New Technology},
	year 		={1998},
	volume 		={7},
	number		={2}}

@article{DasguptaStiglitz,
	author		={Dasgupta, P. and Stiglitz, J.},
	title 		={Industrial Structure and the Nature of Innovative Activity},
	Journal	    ={The Economic Journal},
	year 		={1980},
	pages		={266-293},
  	volume		={90},
  	number		={358},
  	month		={June},
}

@techreport{Master,
	author		={Gonzalez, C.},
	title 		={Determinantes del Esfuerzo Privado en Innovación Tecnológica: Evidencia al Nivel de la Firma en la Industria Manufacturera Chilena},
	type	    ={Tesis de Magister},
	institution	={Universidad de Chile},
	year 		={2009}
}
	
@article{GonzalezTansini,
	author		={Gonzalez, X. and Tansini, R.},
	title 		={I+D e importación de tecnología: un análisis para la industria española y uruguaya},
	Journal	    ={Estudios de Economía Aplicada},
	year 		={2002},
	pages		={531-548}
}

@article{Griliches1979,
	author		={Griliches, Z.},
	title 		={Issues in Assessing the Contribution of Research and Development to Productivity Growth},
	Journal	    ={National Bureau of Economic Research},
	year 		={1979},
	number 		={1},
	volume 		={10},
	pages		={92-116}
}

@article{Griliches1986,
	author		={Griliches, Z.},
	title 		={Productivity, R\&D, and Basic Research at the Firm Level in the 1970s, is there Still a Relationshiph},
	Journal	    ={American Economic Review},
	year 		={1986},
	number 		={1},
	volume 		={76}
}

@article{Griliches1998,
	author		={Griliches, Z.},
	title 		={R\&D and Productivity, The Econometric Evidence},
	Journal	    ={University of Chicago Press},
	year 		={1998}
}

@techreport{Heijs,
	author		={Heijs, J.},
	title 		={Justificación de la Política de Innovación desde un Enfoque Teórico y Metodológico},
	institution	={Instituto de Análisis Industrial y Financiero, Universidad Complutense de Madrid},
	year 		={2001},
	type	    ={IAIF Documento de Trabajo},
	number 		={25}
}

@techreport{HeijsHerrera,
	author		={Heijs, J. and Herrera, L.},
	title 		={Difusión y Adicionalidad de las Ayudas Públicas a la Innovación. Una Estimación Basada en Propensity Score Matching},
	institution	={Instituto de Análisis Industrial y Financiero, Universidad Complutense de Madrid},
	year 		={2003},
	type	    ={IAIF Documento de Trabajo},
	number 		={41}
}

@article{Heckman,
	author		={Heckman, J.},
	title 		={The Common Structure of Statistical Models of Truncation, Sample Selection and Limited Dependent Variables and a Simple Estimator for such Models},
	Journal	    ={Annals of Economic and Social Measurement},
	year 		={1979},
	volume 		={5},
	number 		={4},
	pages		={475–492}
}

@article{Jaumandreu,
	author		={Jaumandreu, J.},
	title 		={Barriers to Innovation and Subsidy Effectiveness},
	Journal	    ={RAND Journal of Economics},
	year 		={2005},
	volume 		={36},
	number 		={4},
	pages		={930-949}
}
	
@article{Klette,
	author		={Klette, T.},
	title 		={R\&D, Scope Economies and Plant Performance},
	Journal	    ={RAND Journal of Economics},
	year 		={1996},
	volume 		={27},
	number 		={3},
	pages		={502-522}
}
	
@article{Hagedoorn,
	author		={Hagedoorn, J.},
	title 		={Organizational modes of inter-firm cooperation and technology transfer},
	Journal	    ={Technovation},
	year 		={1990},
	volume 		={10},
	number 		={1},
	pages		={17-30}
}

@article{Loofb,
	author		={Loofb, H. and Heshmati, A. and Asplund, R. and Svein-Olav, N.},
	title 		={Innovation and Performance in Manufacturing Industries: A Comparison of the Nordic Countries},
	Journal	    ={ICFAI Journal of Management Research},
	year 		={1990},
	volume 		={2},
	number 		={3},
	pages		={5-35}
}
	
@techreport{LedermanMaloney,
	author		={Lederman, D. and Maloney, W.},
	title 		={Innovación en Chile: ¿Dónde Estamos?},
	institution	={Expansiva},
	year 		={2004},
	type		={Serie En Foco},
	number 		={18}
}
	
@article{LevinReiss,
	author		={Levin, R. and Reiss, P.},
	title 		={Cost-reducing and demand creating R\&D with spillovers},
	Journal	    ={RAND Journal of Economics},
	year 		={1988},
	volume 		={19},
	pages		={538-556}
}

@article{Lucas,
	author		={Lucas, R.},
	title 		={On the Mechanics of Economic Development},
	Journal	    ={Journal of Monetary Economics},
	year 		={1988},
	volume 		={22},
	number 		={1},
	pages		={3–42}
}
	
@article{Mandfield,
	author		={Mandfield, E.},
	title 		={Basic Research and Productivity Increase in Manufacturing},
	Journal	    ={American Economic Review},
	year 		={1980},
	volume 		={70},
	number 		={5},
	pages		={863-873}
}
	
@book{OCDE2012,
	author		={Publishing OECD},
	title 		={OECD Science, Technology and Industry Outlook 2012},
	year        ={2012},	
 	publisher   ={OCDE}
}
	
@techreport{Parisi,
	author		={Parisi, M. and Schiantarelli, F. and Sembenelli, A.},
	title 		={Productivity, Innovation Creation and Absorption, and R\&D: Micro Evidence for Italy},
	institution ={Boston College Department of Economics},
	year 		={2002},
	type	    ={Working Paper}
}
	
@incollection{PavittBell,
	author		={Pavitt, K. and Bell, M.},
	title 		={The Development of Technological Capabilities},
	booktitle	={Trade, Technology and International Competitiveness},
	publisher	={Haque I.U.},
	editor		={World Bank},
	year		={1995},
	pages		={69-101}
}

@incollection{PavittPatel,
	author		={Pavitt, K. and Patel, P.},
	title 		={Patterns of tecnological activity: their measurement and interpretation},
	booktitle	={Handbook of the Economics of Innovation and Technological Change},
	publisher	={Stoneman, P.},
	editor		={Blackwell Publishers},
	year		={1995}
}

@article{Ramsey,
	author		={Ramsey, F.},
	title 		={A Mathematical Theory of Saving},
	Journal	    ={Economic Journal},
	year 		={1928},
	volume 		={38},
	number 		={152},
	pages		={543-559}
}
	
@article{Rebelo,
	author		={Rebelo, S.},
	title 		={Long-Run Policy Analysis and Long-Run Growth},
	Journal	    ={Journal of Political Economy},
	year 		={1991},
	volume 		={99},
	number 		={3},
	pages		={500-521}
}
	
@article{Romer1983,
	author		={Romer, P.},
	title 		={Increasing Returns and Long-Run Growth},
	Journal	    ={Journal of Political Economy},
	year 		={1983},
	volume 		={94},
	number 		={5},
	pages		={1002-1037}
}
	
@article{Romer1990,
	author		={Romer, P.},
	title 		={Endogenous Technological Change},
	Journal	    ={Journal of Political Economy},
	year 		={1990},
	volume 		={99},
	number 		={5}
}
	
@article{Rouvinen,
	author		={Koski, H. and Rouvinen, P. and Yla-Anttila, P.},
	title 		={ICT clusters in Europe The great central banana and the small Nordic potato},
	Journal	    ={Information Economics and Policy},
	year 		={2002},
	volume 		={14},
	number 		={2},
	pages		={145-165}
}
	
@book{Schumpeter1942,
  address = {New York},
  author = {Schumpeter, J.},
  booktitle = {Capitalism, Socialism, and Democracy},
  publisher = {Routledge},
  title = {Capitalism, socialism, and democracy},
  year = {1942}
}
	
@incollection{Smith,
	author		={Smith, K.},
	title 		={Innovation Policy in an Evolutionary Context},
	booktitle	={Evolutionary Theories of Economic and Technological Change},
	publisher	={Metcalfe, J. and Saviotty, P.},
	editor		={Harwoord Academic Publishers},
	year		={1991}
}

@techreport{fuentes2004fuentes,
	author		={Schmidt-Hebbel, K. and Larrain, M. and Fuentes, R.},
	title 		={Fuentes del Crecimiento y Comportamiento de la Productividad Total de Factores en Chile},
	institution ={Central Bank of Chile},
	year 		={2004},
	type	    ={Working Paper},
	number 		={287}
}
	
@article{Solow,
	author		={Solow, R.},
	title 		={A Contribution to the Theory of Economic Growth},
	Journal	    ={Quarterly Journal of Economics},
	year 		={1956},
	volume 		={70},
	pages		={65-94}
}
	
@incollection{Stiglitz,
	author		={Stiglitz, J.},
	title 		={Information Strategy and Public Policy},
	booktitle	={The Indivisible Hand and Modern Welfare Economies},
	publisher	={Vlnes, D y Stevenson, A.},
	editor		={Blackwell Publishers},
	year		={1991}
}
	
@techreport{TokmanZahler,
	author		={Tokman, M. and Zahler, A.},
	title 		={Innovación para un crecimiento sostenido: Siete lecciones para Chile},
	institution	={Expansiva},
	year 		={2004},
	type		={Serie En Foco},
	number 		={17}
}
	
@article{Torres,
	author		={Torres, A.},
	title 		={Aprendizaje y Construcción de Capacidades Tecnológicas},
	Journal	    ={J. Technology, Managment \& Innovation},
	year 		={2006},
	volume 		={1},
	number 		={5}
}
	
@techreport{VanLeeuwen,
	author		={Van Leeuwen, G.},
	title 		={Linking Innovation to Productivity Growth Using Two Waves of the Community Innovation Survey},
	institution ={OECD Publishing},
	year 		={2002},
	type	    ={OECD Science, Technology and Industry Working Paper}
}
	
@techreport{Villena,
	author		={Villena, M. and Magendzo, I.},
	title 		={Evolución de la PTF en Chile},
	institution ={Facultad de Ingeniería y Ciencias, Universidad Adolfo Ibañez},
	year 		={2012},
	type	    ={Boletín 1}
}
	
@Article{Granger,
  author={Granger, C.},
  title={Investigating Causal Relations by Econometric Models and Cross-Spectral Methods},
  journal={Econometrica},
  year={1969},
  volume={37},
  number={3},
  pages={424-38},
  month={July},
}

@Article{Hicks,
  author={Hicks, J.},
  title={Annual Survey of Economic Theory: the Theory of Monopoly},
  journal={Econometrica},
  year={1935},
  volume={1},
  number={3},
  pages={1-20},
}

@Article{Baldwin,
  author={Baldwin, J. and Lin, Z.},
  title={Impediments to advanced technology adoption for Canadian manufacturers},
  journal={Research Policy},
  year={2002},
  volume={31},
  number={1},
  pages={1-18},
  month={January},
}

@techreport{Aghion2010,
	author		={Aghion, P. and Bloom, N. and Blundell, R. and Griffith, R.},
	title 		={Competition and innovation: An inverted U relationship},
	institution ={National Bureau of Economic Research},
	year 		={2002},
	type	    ={Working Paper}
}

@Article{Filipescu2013,
  author={Filipescu, D. and Prashantham, S. and Rialp, A. and Rialp, J.},
  title={Technological Innovation and Exports: Unpacking Their Reciprocal Causality},
  journal={Journal of International Marketing},
  year={2013},
  volume={1},
  number={21},
  pages={23-38},
}

@techreport{Teubal1998,
	author		={Teubal, M.},
	title 		={Marco de políticas para el financiamiento de la innovación en economías en vías de industrialización},
	institution ={The Hebrew University},
	year 		={1998},
	type	    ={Resumen Presentación}
}
@article{LopezRodriguez2005,
title = {{Technology and export behaviour: A resource-based view approach }},
journal = "International Business Review ",
volume = "14",
number = "5",
pages = "539 - 557",
year = "2005",
note = "",
issn = "0969-5931",
doi = "http://dx.doi.org/10.1016/j.ibusrev.2005.07.002",
url = "http://www.sciencedirect.com/science/article/pii/S0969593105000739",
author = "Jos\'e L\'opez-Rodr\'iguez and Rafael M. Garc\'ia-Rodr\'iguez",
keywords = "Resource-based theory",
keywords = "Export intensity",
keywords = "Innovation",
keywords = "Patents "
}
@ARTICLE{DeLoecker2007,
title = {{Do exports generate higher productivity? Evidence from Slovenia}},
author = {De Loecker, Jan},
year = {2007},
journal = {Journal of International Economics},
volume = {73},
number = {1},
pages = {69-98},
url = {http://EconPapers.repec.org/RePEc:eee:inecon:v:73:y:2007:i:1:p:69-98}
}
@article{MonrealPerez2012,
title = "A longitudinal study of the relationship between export activity and innovation in the Spanish firm: The moderating role of productivity ",
journal = "International Business Review ",
volume = "21",
number = "5",
pages = "862 - 877",
year = "2012",
note = "",
issn = "0969-5931",
doi = "http://dx.doi.org/10.1016/j.ibusrev.2011.09.010",
url = "http://www.sciencedirect.com/science/article/pii/S0969593111001752",
author = "Joaquín Monreal-Pérez and Antonio Aragón-Sánchez and Gregorio Sánchez-Marín",
}
@article {GreenawayKneller2007,
author = {Greenaway, David and Kneller, Richard},
title = {Firm heterogeneity, exporting and foreign direct investment*},
journal = {The Economic Journal},
volume = {117},
number = {517},
publisher = {Blackwell Publishing Ltd},
issn = {1468-0297},
url = {http://dx.doi.org/10.1111/j.1468-0297.2007.02018.x},
doi = {10.1111/j.1468-0297.2007.02018.x},
pages = {F134--F161},
year = {2007},
}
@article{Leonidas2007,
author = {Leonidas C. Leonidou and Constantine S. Katsikeas and Dayananda Palihawadana and Stavroula Spyropoulou},
title = {An analytical review of the factors stimulating smaller firms to export: Implications for policy‐makers},
journal = {International Marketing Review},
volume = {24},
number = {6},
pages = {735-770},
year = {2007},
doi = {10.1108/02651330710832685},
URL = {http://dx.doi.org/10.1108/02651330710832685},
eprint = {http://dx.doi.org/10.1108/02651330710832685},
}
@article{MillerShamsie1996,
    author = {Miller, Danny and Shamsie, Jamal},
    citeulike-article-id = {13542691},
    journal = {Academy of Management Journal},
    number = {3},
    pages = {519--543},
    posted-at = {2015-03-07 17:35:19},
    priority = {2},
    title = {{The Resource-Based View of the Firm in Two Environments: The Hollywood Film Studios from 1936 to 1965}},
    volume = {39},
    year = {1996},
}
@article{PlaBarberAlegre2007,
title = "Analysing the link between export intensity, innovation and firm size in a science-based industry ",
journal = "International Business Review ",
volume = "16",
number = "3",
pages = "275 - 293",
year = "2007",
issn = "0969-5931",
doi = "http://dx.doi.org/10.1016/j.ibusrev.2007.02.005",
url = "http://www.sciencedirect.com/science/article/pii/S0969593107000376",
author = "José Pla-Barber and Joaquín Alegre"
}
@TECHREPORT{Silva2007,
title = {What Determines the Entrepreneurial Innovative Capability of Portuguese Industrial Firms?},
author = {Silva, Maria and Leitão, João},
year = {2007},
institution = {University Library of Munich, Germany},
type = {MPRA Paper},
url = {http://EconPapers.repec.org/RePEc:pra:mprapa:5216},
}
@ARTICLE{SalomonShaver2005,
title = {Learning by Exporting: New Insights from Examining Firm Innovation},
author = {Salomon, Robert M. and J., Myles Shaver},
year = {2005},
journal = {Journal of Economics \& Management Strategy},
volume = {14},
number = {2},
pages = {431-460},
url = {http://EconPapers.repec.org/RePEc:bla:jemstr:v:14:y:2005:i:2:p:431-460},
}
@article{Pavitt1984,
title = "Sectoral patterns of technical change: Towards a taxonomy and a theory ",
journal = "Research Policy ",
volume = "13",
number = "6",
pages = "343 - 373",
year = "1984",
note = "",
issn = "0048-7333",
doi = "http://dx.doi.org/10.1016/0048-7333(84)90018-0",
url = "http://www.sciencedirect.com/science/article/pii/0048733384900180",
author = "Keith Pavitt"
}
@ARTICLE{Amemiya,
title = {Regression Analysis when the Dependent Variable is Truncated Normal},
author = {Amemiya, Takeshi},
year = {1973},
journal = {Econometrica},
volume = {41},
number = {6},
pages = {997-1016},
url = {http://EconPapers.repec.org/RePEc:ecm:emetrp:v:41:y:1973:i:6:p:997-1016}
}

@article{Autio-2000,
 ISSN = {00014273},
 URL = {http://www.jstor.org/stable/1556419},
 author = {Autio, Erkko, Harry J. Sapienza, James G. Almeida},
 journal = {The Academy of Management Journal},
 number = {5},
 pages = {909-924},
 publisher = {Academy of Management},
 title = {Effects of Age at Entry, Knowledge Intensity, and Imitability on International Growth},
 volume = {43},
 year = {2000}
}
@article{Barrios-Salvador-Gorg-Strobl-2000,
 author = {Barrios, Salvador and Görg, Holger and Strobl, Eric},
 year = {2003},
 title = {Explaining Firms’ Export Behavior: R\&D, Spillovers and the Destination Market},
 journal = {Oxford Bulletin of Economics and Statistics},
 number = {4},
 pages = {475–96},
 volume = {65}
}
@Article{Basile-2001,
  author={Basile, Roberto},
  title={{Export behaviour of Italian manufacturing firms over the nineties: the role of innovation}},
  journal={Research Policy},
  year=2001,
  volume={30},
  number={8},
  pages={1185-1201},
  month={October},
  keywords={},
  doi={},
  abstract={No abstract is available for this item.},
  url={https://ideas.repec.org/a/eee/respol/v30y2001i8p1185-1201.html}
}

@TechReport{Castellacci-2010,
  author={Castellacci, Fulvio},
  title={{Firm heterogeneity, international cooperations and export participation}},
  year=2010,
  month= ,
  institution={University Library of Munich, Germany},
  type={MPRA Paper},
  url={https://ideas.repec.org/p/pra/mprapa/27585.html},
  number={27585},
  keywords={Export; firm heterogeneity; international cooperations; innovation; survey data},
  doi={},
}
@TechReport{Damijan-2011,
  author={Joe P. Damijan and rt Kostevc},
  title={{Firms' Pattern of Trade and Access to Finance}},
  year=2011,
  month= ,
  institution={LICOS - Centre for Institutions and Economic Performance, KU Leuven},
  type={LICOS Discussion Papers},
  url={https://ideas.repec.org/p/lic/licosd/27811.html},
  number={27811},
  keywords={exports; learning-by-exports; export expansion; financial constraints; credit crunch},
  doi={},
}
@TechReport{Cohen-Dupas-2008,
  author={Jessica Cohen and Pascaline Dupas},
  title={{Free Distribution or Cost-Sharing? Evidence from a Malaria Prevention Experiment}},
  year=2008,
  month=Oct,
  institution={National Bureau of Economic Research, Inc},
  type={NBER Working Papers},
  url={https://ideas.repec.org/p/nbr/nberwo/14406.html},
  number={14406},
  keywords={},
  doi={},
}
@TechReport{Palangkaraya-2013,
  author={Alfons Palangkaraya},
  title={{On the Relationship between Innovation and Export: The Case of Australian SMEs}},
  year=2013,
  month=Feb,
  institution={Melbourne Institute of Applied Economic and Social Research, The University of Melbourne},
  type={Melbourne Institute Working Paper Series},
  url={https://ideas.repec.org/p/iae/iaewps/wp2013n04.html},
  number={wp2013n04},
  keywords={Innovation; export; small and medium enterprises; propensity score matching},
  doi={},
}
@TechReport{Damijan-Kostevc-Polanec-2008,
  author={Joze P. Damijan and Crt Kostevc and Saso Polanec},
  title={{From innovation to exporting or vice versa? Causal link between innovation activity and exporting in Slovenian microdata}},
  year=2008,
  month= ,
  institution={LICOS - Centre for Institutions and Economic Performance, KU Leuven},
  type={LICOS Discussion Papers},
  url={https://ideas.repec.org/p/lic/licosd/20408.html},
  number={20408},
  keywords={Firm heterogeneity; innovation; exporting; productivity; matching},
  doi={},
}
@TechReport{Nesta-Guillou-Bellone-2009,
  author={Lionel Nesta and Sarah Guillou and Flora Bellone},
  title={{Are Export Premia Robust to Innovation Statistics?}},
  year=2009,
  month=Mar,
  institution={Sciences Po},
  type={Sciences Po publications},
  url={https://ideas.repec.org/p/spo/wpmain/infohdl2441-10021.html},
  number={39},
  keywords={Export premium; Firm-level data; Productivity; Innovation},
  doi={},
}
@TechReport{Unterlass-2013,
  author={Fabian Unterlass},
  title={{The relationship between innovation, exports and economic performance. Empirical evidence for 21 EU countries}},
  year=2013,
  month=Jun,
  institution={EcoMod},
  type={EcoMod2013},
  url={https://ideas.repec.org/p/ekd/004912/5655.html},
  number={5655},
  keywords={EU; Impact and scenario analysis; Impact and scenario analysis},
  doi={},
}
@TechReport{Damijan-Kostevc-2010,
  author={JoÅ¾e.P.Damijan and ÄŒrt. Kostevc},
  title={{Learning from trade through innovation: Causal link between imports, exports and innovation in Spanish microdata}},
  year=2010,
  month= ,
  institution={LICOS - Centre for Institutions and Economic Performance, KU Leuven},
  type={LICOS Discussion Papers},
  url={https://ideas.repec.org/p/lic/licosd/26410.html},
  number={26410},
  keywords={Â…rm heterogeneity; innovation; exports; imports; matching},
  doi={},
}
@TechReport{RePEc:tut:cremwp:201123,
  author={Mohammad Movahedi and Olivier Gaussens},
  title={{Innovation, productivité et exportation : Y-a-t-il un effet d'auto-sélection consciente? Une étude empirique sur les PMI de basse-Normandie}},
  year=2011,
  month=Sep,
  institution={Center for Research in Economics and Management (CREM), University of Rennes 1, University of Caen and CNRS},
  type={Economics Working Paper Archive (University of Rennes 1 \& University of Caen)},
  url={https://ideas.repec.org/p/tut/cremwp/201123.html},
  number={201123},
  keywords={Innovation; Productivity; Exportation; Conscious self-selection},
  doi={},
}
@TechReport{Kostevc-Damijan-2008,
  author={Kostevc, Crt and Damijan, Jože},
  title={{Causal Link between Exporting and Innovation Activity. Evidence from Slovenian Firms}},
  year=2008,
  month= ,
  institution={Economic and Social Research Institute (ESRI)},
  type={Papers},
  url={https://ideas.repec.org/p/esr/wpaper/dynreg22.html},
  number={DYNREG22},
  keywords={DYNREG; firm heterogeneity; innovation; exporting; matching},
  doi={},
}




@TechReport{Castellacci-2010,
  author={Castellacci, Fulvio},
  title={{Firm heterogeneity, international cooperations and export participation}},
  year=2010,
  month= ,
  institution={University Library of Munich, Germany},
  type={MPRA Paper},
  url={https://ideas.repec.org/p/pra/mprapa/27585.html},
  number={27585},
  keywords={Export; firm heterogeneity; international cooperations; innovation; survey data},
  doi={},
}
@TechReport{Damijan-Kostevc-2011,
  author={JoÅ¾e P. Damijan and ÄŒrt Kostevc},
  title={{Firms' Pattern of Trade and Access to Finance}},
  year=2011,
  month= ,
  institution={LICOS - Centre for Institutions and Economic Performance, KU Leuven},
  type={LICOS Discussion Papers},
  url={https://ideas.repec.org/p/lic/licosd/27811.html},
  number={27811},
  keywords={exports; learning-by-exports; export expansion; financial constraints; credit crunch},
  doi={},
}
@TechReport{Cohen-Dupas-2008,
  author={Jessica Cohen and Pascaline Dupas},
  title={{Free Distribution or Cost-Sharing? Evidence from a Malaria Prevention Experiment}},
  year=2008,
  month=Oct,
  institution={National Bureau of Economic Research, Inc},
  type={NBER Working Papers},
  url={https://ideas.repec.org/p/nbr/nberwo/14406.html},
  number={14406},
  keywords={},
  doi={},
}
@TechReport{Palangkaraya-2013,
  author={Alfons Palangkaraya},
  title={{On the Relationship between Innovation and Export: The Case of Australian SMEs}},
  year=2013,
  month=Feb,
  institution={Melbourne Institute of Applied Economic and Social Research, The University of Melbourne},
  type={Melbourne Institute Working Paper Series},
  url={https://ideas.repec.org/p/iae/iaewps/wp2013n04.html},
  number={wp2013n04},
  keywords={Innovation; export; small and medium enterprises; propensity score matching},
  doi={},
}
@TechReport{Damijan-Kostevc-Polanec-2008,
  author={Joze P. Damijan and Crt Kostevc and Saso Polanec},
  title={{From innovation to exporting or vice versa? Causal link between innovation activity and exporting in Slovenian microdata}},
  year=2008,
  month= ,
  institution={LICOS - Centre for Institutions and Economic Performance, KU Leuven},
  type={LICOS Discussion Papers},
  url={https://ideas.repec.org/p/lic/licosd/20408.html},
  number={20408},
  keywords={Firm heterogeneity; innovation; exporting; productivity; matching},
  doi={},
}
@TechReport{RePEc:spo:wpmain:info:hdl:2441/10021,
  author={Lionel Nesta and Sarah Guillou and Flora Bellone},
  title={{Are Export Premia Robust to Innovation Statistics?}},
  year=2009,
  month=Mar,
  institution={Sciences Po},
  type={Sciences Po publications},
  url={https://ideas.repec.org/p/spo/wpmain/infohdl2441-10021.html},
  number={39},
  keywords={Export premium; Firm-level data; Productivity; Innovation},
  doi={},
}
@TechReport{Unterlass-2013,
  author={Fabian Unterlass},
  title={{The relationship between innovation, exports and economic performance. Empirical evidence for 21 EU countries}},
  year=2013,
  month=Jun,
  institution={EcoMod},
  type={EcoMod2013},
  url={https://ideas.repec.org/p/ekd/004912/5655.html},
  number={5655},
  keywords={EU; Impact and scenario analysis; Impact and scenario analysis},
  doi={},
}
@TechReport{Damijan-Kostevc-2010,
  author={JoÅ¾e.P.Damijan and ÄŒrt. Kostevc},
  title={{Learning from trade through innovation: Causal link between imports, exports and innovation in Spanish microdata}},
  year=2010,
  month= ,
  institution={LICOS - Centre for Institutions and Economic Performance, KU Leuven},
  type={LICOS Discussion Papers},
  url={https://ideas.repec.org/p/lic/licosd/26410.html},
  number={26410},
  abstract={The paper explores the learning from trade hypothesis. Standardized research approach searchs for learning eÂ¤ects from trade focusing solely on exports, whereby Â…rmÂ’s learning eÂ¤ects are accounted in the form of total factor productivity improvements. In contrast, this papers deÂ…nes a Â…rm learning from trade in terms of introduction of either new products or processes induced by its import and export links with foreign markets. By using microdata for a large sample of Spanish Â…rms, including data on innovation and trade, we Â…nd clear sequencing between imports, exports and innovation. The results suggest that Â…rms learn primarily from import links, which enables them to innovate products and processes and to dress up for starting to export. In a sequence, exporting may enable Â…rms to introduce further innovations. These positive learning eÂ¤ects from trade, however, seem to be limited to small and partially medium Â…rms only. On the other side, Â…rms that are closer to the relevant technological frontier seem to beneÂ…t more from trading activities in terms of innovation than the technological laggard fiÂ…rms.},
  keywords={Â…rm heterogeneity; innovation; exports; imp orts; matching},
  doi={},
}

@TechReport{Kostevc-Damijan-2008,
  author={Kostevc, Crt and Damijan, Jože},
  title={{Causal Link between Exporting and Innovation Activity. Evidence from Slovenian Firms}},
  year=2008,
  month= ,
  institution={Economic and Social Research Institute (ESRI)},
  type={Papers},
  url={https://ideas.repec.org/p/esr/wpaper/dynreg22.html},
  number={DYNREG22},
  keywords={DYNREG; firm heterogeneity; innovation; exporting; matching},
  doi={},
}

@incollection{EvensonWestphal1995,
	author		={Evenson, R. E., and Westphal, L. E.},
	title 		={Technological Change and Technology Strategy},
	booktitle	={Handbook of Development Economics},
	publisher	={H. Chenery, and T. Srinivasan},
	editor		={Blackwell Publishers},
	year		={1995},
	volumen		={3},
	city		={Amsterdam},
	country		={North-Holland}
}
