@article{Solow1957,
	author		={Solow, R.},
	title 		={{Technical Change and the Aggregate Production Function}},
	Journal	    ={{Review of Economics and Statistics}},
	year 		={1957},
	volume 		={39},
	pages		={312-320}}

@article{Solow1956,
	author		={Solow, R.},
	title 		={{A Contribution to the Theory of Economic Growth}},
	Journal	    ={{Quarterly Journal of Economics}},
	year 		={1956},
	volume 		={70},
	pages		={65-94}}

@MANUAL{CNP1,
	title 		={Medición de Productividad},
	year 		={2015},
	organization={CNP-Chile},
	key 		="Comisión Nacional de Productividad - Nota Técnica No.1"}

@article{Jorgenson-Griliches,
	title = {{The Explanation of Productivity Change}},
	journal = {The Review of Economic Studies},
	volume = {34},
	year = {1967},
	note = {Reprinted in A.K. Sen (ed.), Growth Economics , Hammondsworth, Penguin Books, 1970, pp. 420-473; reprinted in Survey of Current Business, Vol. 52, No. 5, Part II, May 1972, pp. 3-63. Productivity 1, ch. 3, pp. 51-98. },
	pages = {249-280},
	author = {Dale Jorgenson and Z. Griliches}}

@TechReport{wb-measuring,
  author={{The World Bank}},
  title={{Measuring growth in total factor productivity}},
  year=2000,
  month=September,
  institution={The World Bank WB},
  type={{PREM notes - Economic Policy}},
  number={Number 42},}

@article{OECD-prod-measure-analysis,
	author = "OECD and FSO.",
	title = "Productivity Measurement and Analysis",
	url = "/content/book/9789264044616-en",
	doi = "http://dx.doi.org/10.1787/9789264044616-en"
	publisher = "OECD Publishing"}

@Article{eurostat,
author={EUROSTAT},
title={{System of National Account}},
journal={ESA95},
city={{Luxemburgo}},
year={1995}}

@Article{caballero-ciclo,
  author={Caballero, Ricardo J and Hammour, Mohamad L},
  title={{The Cleansing Effect of Recessions}},
  journal={American Economic Review},
  year=1994,
  volume={84},
  number={5},
  pages={1350-68},
  month={December},
  url={https://ideas.repec.org/a/aea/aecrev/v84y1994i5p1350-68.html}}

@InCollection{Rodriguez-Clare,
  author={Peter Klenow and Andrés Rodríguez-Clare},
  title={{The Neoclassical Revival in Growth Economics: Has It Gone Too Far?}},
  booktitle={{NBER Macroeconomics Annual 1997, Volume 12}},
  publisher={National Bureau of Economic Research, Inc},
  year=1997,
  month={March},
  volume={},
  number={},
  series={NBER Chapters},
  edition={},
  chapter={},
  pages={73-114},
  doi={},
  keywords={},
  abstract={No abstract is available for this item.},
  url={https://ideas.repec.org/h/nbr/nberch/11037.html}}

@InCollection{Easterly-Levine,
  author={William Easterly and Ross Levine},
  editor={Norman Loayza and Raimundo Soto and Norman Loayza (Series Editor) and Klaus Schmidt-Hebbel (Series Editor)},
  title={{It is Not Factor Accumulation: Stylized Facts and Growth Models}},
  booktitle={{Economic Growth: Sources, Trends, and Cycles}},
  publisher={Central Bank of Chile},
  year=2002,
  month={03},
  volume={6},
  number={},
  series={Central Banking, Analysis, and Economic Policies Book Series},
  edition={},
  chapter={3},
  pages={061-114},
  doi={},
  keywords={},
  url={https://ideas.repec.org/h/chb/bcchsb/v06c03pp061-114.html}}

@book{OCDE-measuring-prod-manual-2001,
  title={Measuring Productivity - OECD Manual Measurement of Aggregate and Industry-level Productivity Growth: Measurement of Aggregate and Industry-level Productivity Growth},
  isbn={9789264194519},
  url={https://books.google.cl/books?id=gjUKXTRxnHUC},
  year={2001},
  author={OCDE},
  publisher={OECD Publishing}}

@techreport{Griliches-Hedonic-Price-1990,
 title = "Hedonic Price Indexes and the Measurement of Capital and Productivity:  Some Historical Reflections",
 author = "Zvi Griliches",
 institution = "National Bureau of Economic Research",
 type = "Working Paper",
 series = "Working Paper Series",
 number = "2634",
 year = "1988",
 month = "June",
 doi = {10.3386/w2634},
 URL = "http://www.nber.org/papers/w2634"}

@incollection{Griliches-Hedonic-Price-1990,
    author = {Zvi Griliches},
    title = {Hedonic Price Indexes and the Measurement of Capital and Productivity: Some Historical Reflections},
    booktitle = {Fifty Years of Economic Measurement, Studies in Income and Wealth 54},
    editor = {Ernst R. Berndt and Jack E. Triplett},
    pages = {1395--1457},
    year = 1990,
    publisher = {National Bureau of Economic Research}}

@ARTICLE{Alwyn-1995,
title = {The Tyranny of Numbers: Confronting the Statistical Realities of the East Asian Growth Experience},
author = {Young, Alwyn},
year = {1995},
journal = {The Quarterly Journal of Economics},
volume = {110},
number = {3},
pages = {641-680},
url = {http://EconPapers.repec.org/RePEc:oup:qjecon:v:110:y:1995:i:3:p:641-680.}}

@InCollection{Roldos,
	author	  	={Rold\'os, Jorge},	
	title       ={{El Crecimiento del Producto Potencial en Mercados Emergentes: El Caso de Chile}},
	editor      ={Morand\'e, F. and Vergara, R.},	
	booktitle   ={{An\'alisis Emp\'irico del Crecimiento Chileno}},
	publisher	={CEP-ILADES},
	city		={Santiago},	
	year        ={1997}}
	
@techreport{Jadresic-Sanhueza,
	title 		= {Producto y Crecimiento Potencial de la Economía Chilena},
	author 		= {Jadresic, Esteban and Sanhueza, Gonzalo},
	year 		= {1992},
	institution = {Banco Central de Chile},
	series 		= {Mimeo}}
	
@MANUAL{dipres-2015,
	title 		={Acta: Resultados del Comité Consultivo del PIB Tendencial},
	year 		={2015},
	organization={Ministerio de Hacienda - Dirección de Presupuestos (DIPRES)},
	key 		="Ministerio de Hacienda - Resultados del Comité Consultivo del PIB Tendencial (2015)"}	
	